<record><leader>00000cas a2200000 a 4500</leader><controlfield tag="001">32705620</controlfield><controlfield tag="007">hd bfu---baat</controlfield><controlfield tag="007">hd afu---bact</controlfield><controlfield tag="008">950623d19731982nbuwr nea     0    0eng c</controlfield><datafield ind1=" " ind2=" " tag="010"><subfield code="a">sn 95069880 </subfield></datafield><datafield ind1=" " ind2=" " tag="040"><subfield code="a">NVG</subfield><subfield code="b">eng</subfield><subfield code="c">NVG</subfield><subfield code="d">OCLCQ</subfield><subfield code="d">OCLCF</subfield><subfield code="d">OCLCO</subfield></datafield><datafield ind1="1" ind2=" " tag="029"><subfield code="a">AU@</subfield><subfield code="b">000011782920</subfield></datafield><datafield ind1=" " ind2=" " tag="042"><subfield code="a">pcc</subfield></datafield><datafield ind1=" " ind2=" " tag="043"><subfield code="a">n-us-nb</subfield></datafield><datafield ind1="0" ind2="0" tag="245"><subfield code="a">Southwest Lincoln sun</subfield><subfield code="h">[microform].</subfield></datafield><datafield ind1="3" ind2="0" tag="246"><subfield code="a">Southwest sun</subfield></datafield><datafield ind1="1" ind2="7" tag="246"><subfield code="a">Lincoln sun newspapers</subfield><subfield code="f">Jan. 14, 1976-1982</subfield></datafield><datafield ind1=" " ind2=" " tag="260"><subfield code="a">Lincoln, Nebr. :</subfield><subfield code="b">[SUN Newspapers],</subfield><subfield code="c">1973-1982.</subfield></datafield><datafield ind1=" " ind2=" " tag="300"><subfield code="a">v.</subfield></datafield><datafield ind1=" " ind2=" " tag="310"><subfield code="a">Weekly</subfield></datafield><datafield ind1="0" ind2=" " tag="362"><subfield code="a">Vol. 1, no. 1 (Jan. 3, 1973)-v. 10, no. 12 (Mar. 17, 1982).</subfield></datafield><datafield ind1=" " ind2=" " tag="580"><subfield code="a">Other eds. available: Lincolnland sun, and: Northeast Lincoln sun, and: Southeast Lincoln sun, and: Northwest Lincoln sun.</subfield></datafield><datafield ind1=" " ind2=" " tag="533"><subfield code="a">Microfilm.</subfield><subfield code="m">1973-1982.</subfield><subfield code="b">Lincoln, Neb. :</subfield><subfield code="c">Nebraska State Historical Society,</subfield><subfield code="d">1978-1982.</subfield><subfield code="e">16 microfilm reels ; 35 mm.</subfield></datafield><datafield ind1=" " ind2="0" tag="651"><subfield code="a">Lincoln (Neb.)</subfield><subfield code="v">Newspapers.</subfield></datafield><datafield ind1=" " ind2="7" tag="655"><subfield code="a">Newspapers.</subfield><subfield code="2">fast</subfield><subfield code="0">(OCoLC)fst01423814</subfield></datafield><datafield ind1=" " ind2="7" tag="651"><subfield code="a">Nebraska</subfield><subfield code="z">Lincoln.</subfield><subfield code="2">fast</subfield><subfield code="0">(OCoLC)fst01208321</subfield></datafield><datafield ind1=" " ind2=" " tag="752"><subfield code="a">United States</subfield><subfield code="b">Nebraska</subfield><subfield code="c">Lancaster</subfield><subfield code="d">Lincoln.</subfield></datafield><datafield ind1="1" ind2=" " tag="775"><subfield code="t">Lincolnland sun</subfield><subfield code="w">(DLC)sn 95069871</subfield></datafield><datafield ind1="1" ind2=" " tag="775"><subfield code="t">Northeast Lincoln sun</subfield><subfield code="w">(DLC)sn 95069873</subfield></datafield><datafield ind1="1" ind2=" " tag="775"><subfield code="t">Southeast Lincoln sun</subfield><subfield code="w">(DLC)sn 95069875</subfield></datafield><datafield ind1="1" ind2=" " tag="775"><subfield code="t">Northwest Lincoln sun</subfield><subfield code="w">(DLC)sn 95069878</subfield></datafield><datafield ind1="0" ind2="1" tag="780"><subfield code="t">Capital City sun (Lincoln, Neb.)</subfield><subfield code="w">(DLC)sn 95069877</subfield></datafield><datafield ind1="0" ind2="0" tag="785"><subfield code="t">Sun (Lincoln, Neb. : Southwest Lincoln ed.)</subfield><subfield code="w">(DLC)sn 95069991</subfield></datafield></record>